<?xml version="1.0" encoding="UTF-8"?><collection xmlns="http://www.loc.gov/MARC21/slim"><record><leader>00305nam--2200121-i-4500</leader><controlfield tag="001">000042754</controlfield><controlfield tag="002">20161230</controlfield><controlfield tag="005">20161230201043</controlfield><controlfield tag="008">060222s1000------------r-----000-0-eng-d</controlfield><datafield ind1=" " ind2=" " tag="080"><subfield code="a">621.039.576</subfield></datafield><datafield ind1=" " ind2=" " tag="245"><subfield code="a">Steam generating heavy water reactor</subfield></datafield><datafield ind1=" " ind2=" " tag="260"><subfield code="a">London, Ukaea, 1968. 29 P. + App.Iii</subfield></datafield><datafield ind1=" " ind2=" " tag="852"><subfield code="a">28395</subfield></datafield></record></collection>